@article{targ2016resnet,
  title={Resnet in resnet: Generalizing residual architectures},
  author={Targ, Sasha and Almeida, Diogo and Lyman, Kevin},
  journal={arXiv preprint arXiv:1603.08029},
  year={2016}
}
@article{akiba2017extremely,
  title={Extremely large minibatch sgd: Training resnet-50 on imagenet in 15 minutes},
  author={Akiba, Takuya and Suzuki, Shuji and Fukuda, Keisuke},
  journal={arXiv preprint arXiv:1711.04325},
  year={2017}
}